<record><leader>00000cas a22000007a 4500</leader><controlfield tag="001">9675094</controlfield><controlfield tag="008">830707d18621862ksuwr ne      0    0eng d</controlfield><controlfield tag="009">3789</controlfield><datafield ind1=" " ind2=" " tag="010"><subfield code="a">sn 83040277 </subfield></datafield><datafield ind1=" " ind2=" " tag="040"><subfield code="a">KSH</subfield><subfield code="b">eng</subfield><subfield code="c">KSH</subfield><subfield code="d">NPT</subfield></datafield><datafield ind1="1" ind2=" " tag="029"><subfield code="a">AU@</subfield><subfield code="b">000025793536</subfield></datafield><datafield ind1=" " ind2=" " tag="042"><subfield code="a">msc</subfield></datafield><datafield ind1=" " ind2=" " tag="043"><subfield code="a">n-us-ks</subfield></datafield><datafield ind1="0" ind2=" " tag="130"><subfield code="a">Western volunteer (Fort Scott, Kan.)</subfield></datafield><datafield ind1="0" ind2="0" tag="245"><subfield code="a">Western volunteer.</subfield></datafield><datafield ind1=" " ind2=" " tag="260"><subfield code="a">Fort Scott, Kan. :</subfield><subfield code="b">E.A. Smith,</subfield><subfield code="c">1862.</subfield></datafield><datafield ind1=" " ind2=" " tag="300"><subfield code="a">1 v. :</subfield><subfield code="b">ill. (chiefly advertisements) ;</subfield><subfield code="c">43 cm.</subfield></datafield><datafield ind1=" " ind2=" " tag="310"><subfield code="a">Weekly</subfield></datafield><datafield ind1="0" ind2=" " tag="362"><subfield code="a">Vol. 1, no. 1 (Mar. 31, 1862)-v. 1, no. 4 (May 3, 1862).</subfield></datafield><datafield ind1=" " ind2=" " tag="500"><subfield code="a">Editor: E.A. Smith.</subfield></datafield><datafield ind1="1" ind2=" " tag="700"><subfield code="a">Smith, E. A.</subfield></datafield><datafield ind1=" " ind2=" " tag="752"><subfield code="a">United States</subfield><subfield code="b">Kansas</subfield><subfield code="c">Bourbon</subfield><subfield code="d">Fort Scott.</subfield></datafield><datafield ind1="0" ind2="0" tag="780"><subfield code="t">Fort Scott democrat (Fort Scott, Kan. : 1858)</subfield><subfield code="w">(DLC)sn 83040278</subfield></datafield><datafield ind1="0" ind2="0" tag="785"><subfield code="t">Fort Scott bulletin</subfield><subfield code="w">(DLC)sn 83040421</subfield></datafield></record>